@online{russian-users-stat,
    title = {DataReportal - DIGITAL 2020: THE RUSSIAN FEDERATION},
    url = {https://datareportal.com/reports/digital-2020-russian-federation},
    urldate = {2022-11-18},
    language = "english"
}

@online{ibm-rpc,
    title = {Remote Procedure Call},
    url = {https://www.ibm.com/docs/en/aix/7.1?topic=concepts-remote-procedure-call},
    urldate = {2022-11-18},
    language = {english},
}

@online{rpc-flow,
    title = "RPC Flow",
    url = {https://www.w3.org/History/1992/nfs_dxcern_mirror/rpc/doc/Introduction/HowItWorks.html},
    urldate = {2022-11-18},
    language = {english},
}

@online{udp-info,
    title = "User Datagram Protocol",
    url = {https://www.rfc-editor.org/rfc/rfc768},
    urldate = {2022-11-18},
    language = {english},
}

@online{tcp-info,
    title = "Transmission Control Protocol",
    url = {https://www.rfc-editor.org/rfc/rfc793},
    urldate = {2022-11-18},
    language = {english},
}

@online{http-info,
    title = "Hypertext Transfer Protocol -- HTTP/1.1",
    url = {https://www.rfc-editor.org/rfc/rfc2616},
    urldate = {2022-11-18},
    language = {english},
}
@online{marshal-vs-serialize,
    title = "Schema for Representing Java(tm) Objects in an LDAP Directory",
    url={https://datatracker.ietf.org/doc/html/rfc2713#section-2.3},
    urldate= {2022-11-18},
    language = {english},
}

@online{json-info,
    title = {The JavaScript Object Notation (JSON) Data Interchange Format},
    url = {https://www.rfc-editor.org/rfc/rfc8259},
    urldate = {2022-11-18},
    language = "english"
}

@online{xml-info,
    title = {Extensible Markup Language (XML) Format Extension for Representing Copy Control Attributes in Resource Lists},
    url = {https://datatracker.ietf.org/doc/html/rfc5364},
    urldate = {2022-11-18},
    language = "english"
}

@online{dto-info,
    title = {Data Transfer Object},
    url = {https://martinfowler.com/eaaCatalog/dataTransferObject.html},
    urldate = {2022-11-18},
    language = "english"
}

@online{json-serialize,
    title = {JSON},
    url = {https://www.json.org/json-en.html},
    urldate = {2022-12-08},
    language = "english"
}
@online{gzip,
    title = {Gzip is a file format and a software application used for file compression and decompression},
    url = {https://www.gzip.org/},
    urldate = {2022-12-08},
    language = "english"
}
@online{zstd,
    title = {Zstandard - Fast real-time compression algorithm},
    url = {https://github.com/facebook/zstd},
    urldate = {2022-12-08},
    language = "english"
}
@online{cbor,
    title = {Concise Binary Object Representation},
    url = {https://cbor.io/},
    urldate = {2022-12-08},
    language = "english"
}
@online{bson,
    title = {BSON is a binary-encoded serialization of JSON-like documents},
    url = {https://bsonspec.org/},
    urldate = {2022-12-08},
    language = "english"
}
@online{messagepack,
    title = {MessagePack is an efficient binary serialization format},
    url = {https://msgpack.org/},
    urldate = {2022-12-08},
    language = "english"
}
@online{protobuf,
    title = {Protocol Buffers - Google's data interchange format},
    url = {https://developers.google.com/protocol-buffers},
    urldate = {2022-12-08},
    language = "english"
}

@online{monterey,
    title = {macOS Monterey},
    url = {https://www.apple.com/ru/macos/monterey/},
    urldate = {2022-12-09},
    language = "russian"
}

@online{golang,
    title = "The Go Programming Language",
    url = {https://go.dev/},
    urldate = {2022-12-09},
    language = {english},
}

@online{python,
    title = "Python Programming Language",
    url = {https://www.python.org/},
    urldate = {2022-12-09},
    language = {english},
}
